@article{milner:bigraphsandtheiralgebra,
  title={Bigraphs and their algebra},
  author={Milner, Robin},
  journal={Electronic Notes in Theoretical Computer Science},
  volume={209},
  pages={5--19},
  year={2008},
  publisher={Elsevier}
}

@book{milner:spaceandmotion,
  title={The space and motion of communicating agents},
  author={Milner, Robin},
  year={2009},
  publisher={Cambridge University Press}
}

@inproceedings{michele:bigrapher,
  title={BigraphER: rewriting and analysis engine for bigraphs},
  author={Sevegnani, Michele and Calder, Muffy},
  booktitle={International Conference on Computer Aided Verification},
  pages={494--501},
  year={2016},
  organization={Springer}
}

@article{michele:sharingbigraphs,
  title={Bigraphs with sharing},
  author={Sevegnani, Michele and Calder, Muffy},
  journal={Theoretical Computer Science},
  volume={577},
  pages={43--73},
  year={2015},
  publisher={Elsevier}
}

@article{grohmann:directedbigraphs,
  title={Directed bigraphs},
  author={Grohmann, Davide and Miculan, Marino},
  journal={Electronic Notes in Theoretical Computer Science},
  volume={173},
  pages={121--137},
  year={2007},
  publisher={Elsevier}
}